@Article{quinlan1990decision,
	title={Decision trees and decision-making},
	author={Quinlan, J Ross},
	journal={IEEE Transactions on Systems, Man, and Cybernetics},
	volume={20},
	number={2},
	pages={339--346},
	year={1990},
	publisher={IEEE}
}

@article{singh2014comparative,
	title={Comparative study ID3, cart and C4. 5 decision tree algorithm: a survey},
	author={Singh, Sonia and Gupta, Priyanka},
	journal={International Journal of Advanced Information Science and Technology (IJAIST)},
	volume={27},
	number={27},
	pages={97--103},
	year={2014}
}

@article{scikit-learn,
	title={Scikit-learn: Machine Learning in {P}ython},
	author={Pedregosa, F. and Varoquaux, G. and Gramfort, A. and Michel, V.
         and Thirion, B. and Grisel, O. and Blondel, M. and Prettenhofer, P.
         and Weiss, R. and Dubourg, V. and Vanderplas, J. and Passos, A. and
         Cournapeau, D. and Brucher, M. and Perrot, M. and Duchesnay, E.},
	journal={Journal of Machine Learning Research},
	volume={12},
	pages={2825--2830},
	year={2011}
}

@online{ScikitLearnCART,
	author = {scikit-learn Entwickler},
	title = {1.10.6. Tree algorithms: ID3, C4.5, C5.0 and CART},
	year = 2020,
	url = {https://scikit-learn.org/stable/modules/tree.html#tree-algorithms},
	urldate = {2020-12-05}
}

@article{laurent1976constructing,
	title={Constructing optimal binary decision trees is NP-complete},
	author={Laurent, Hyafil and Rivest, Ronald L},
	journal={Information processing letters},
	volume={5},
	number={1},
	pages={15--17},
	year={1976}
}

@article{steinbergCART,
	author = {Steinberg, Dan},
	year = {2009},
	month = {01},
	pages = {179-201},
	title = {Chapter 10 CART: Classification and Regression Trees}
}

@article{breiman1996bagging,
	title={Bagging predictors},
	author={Breiman, Leo},
	journal={Machine learning},
	volume={24},
	number={2},
	pages={123--140},
	year={1996},
	publisher={Springer}
}

@article{breiman2001random,
	title={Random forests},
	author={Breiman, Leo},
	journal={Machine learning},
	volume={45},
	number={1},
	pages={5--32},
	year={2001},
	publisher={Springer}
}

@article{geurts2006extremely,
	title={Extremely randomized trees},
	author={Geurts, Pierre and Ernst, Damien and Wehenkel, Louis},
	journal={Machine learning},
	volume={63},
	number={1},
	pages={3--42},
	year={2006},
	publisher={Springer}
}

@article{freund1997decision,
	title={A decision-theoretic generalization of on-line learning and an application to boosting},
	author={Freund, Yoav and Schapire, Robert E},
	journal={Journal of computer and system sciences},
	volume={55},
	number={1},
	pages={119--139},
	year={1997},
	publisher={Elsevier}
}

@article{dietterich2002ensemble,
	title={Ensemble learning},
	author={Dietterich, Thomas G and others},
	journal={The handbook of brain theory and neural networks},
	volume={2},
	pages={110--125},
	year={2002},
	publisher={MIT press Cambridge, Massachusetts}
}

@article{banfield2006comparison,
	title={A comparison of decision tree ensemble creation techniques},
	author={Banfield, Robert E and Hall, Lawrence O and Bowyer, Kevin W and Kegelmeyer, W Philip},
	journal={IEEE transactions on pattern analysis and machine intelligence},
	volume={29},
	number={1},
	pages={173--180},
	year={2006},
	publisher={IEEE}
}

@incollection{efron1992bootstrap,
	title={Bootstrap methods: another look at the jackknife},
	author={Efron, Bradley},
	booktitle={Breakthroughs in statistics},
	pages={569--593},
	year={1992},
	publisher={Springer}
}

@article{song2019design,
	title={Design of a flexible wearable smart sEMG recorder integrated gradient boosting decision tree based hand gesture recognition},
	author={Song, Wei and Han, Qingquan and Lin, Zhonghang and Yan, Nan and Luo, Deng and Liao, Yiqiao and Zhang, Milin and Wang, Zhihua and Xie, Xiang and Wang, Anhe and others},
	journal={IEEE Transactions on Biomedical Circuits and Systems},
	volume={13},
	number={6},
	pages={1563--1574},
	year={2019},
	publisher={IEEE}
}

@inproceedings{bobick1996appearance,
	title={An appearance-based representation of action},
	author={Bobick, Aaron and Davis, James},
	booktitle={Proceedings of 13th International Conference on Pattern Recognition},
	volume={1},
	pages={307--312},
	year={1996},
	organization={IEEE}
}

@inproceedings{cheng2011contactless,
	title={Contactless gesture recognition system using proximity sensors},
	author={Cheng, Heng-Tze and Chen, An Mei and Razdan, Ashu and Buller, Elliot},
	booktitle={2011 IEEE International Conference on Consumer Electronics (ICCE)},
	pages={149--150},
	year={2011},
	organization={IEEE}
}

@inproceedings{fang2003large,
	title={Large vocabulary sign language recognition based on hierarchical decision trees},
	author={Fang, Gaolin and Gao, Wen and Zhao, Debin},
	booktitle={Proceedings of the 5th international conference on Multimodal interfaces},
	pages={125--131},
	year={2003}
}

@inproceedings{kadous1996machine,
	title={Machine recognition of Auslan signs using PowerGloves: Towards large-lexicon recognition of sign language},
	author={Kadous, Mohammed Waleed and others},
	booktitle={Proceedings of the Workshop on the Integration of Gesture in Language and Speech},
	volume={165},
	year={1996}
}

@article{venzkeArticle,
	author = {Venzke, Marcus and Klisch, Daniel and Kubik, Philipp and Ali, Asad and Dell Missier, Jesper and Turau Volker},
	year = {2020},
	month = {08},
	pages = {1-25},
	title = {Artificial Neural Networks for Sensor Data Classification on Small Embedded Systems}
}

@article{kubikThesis,
	author = {Kubik, Philipp},
	year = {2019},
	month = {04},
	pages = {1-47},
	title = {Zuverl채ssige Handgestenerkennungmit k체nstlichen neuronalen Netzen}
}

@article{gieseThesis,
	author = {Giese, Anton},
	year = {2020},
	month = {10},
	pages = {1-46},
	title = {Compression of Artificial Neural Networks for Hand Gesture Recognition}
}

@article{klischThesis,
	author = {Klisch, Daniel},
	year = {2020},
	month = {01},
	pages = {1-39},
	title = {Training of Recurrent Neural Networks asMultiple Feed Forward Networks}
}

@article{engelhardtThesis,
	author = {Engelhardt, Sebastian},
	year = {2018},
	month = {10},
	pages = {1-53},
	title = {Optische Gestenerkennung mit k체nstlichen neuronalen Netzen f체r kleine eingebettete Systeme}
}

@article{ahad2012motion,
	title={Motion history image: its variants and applications},
	author={Ahad, Md Atiqur Rahman and Tan, Joo Kooi and Kim, Hyoungseop and Ishikawa, Seiji},
	journal={Machine Vision and Applications},
	volume={23},
	number={2},
	pages={255--281},
	year={2012},
	publisher={Springer}
}

@online{atmega328p,
	author = {Atmel Corporation},
	title = {ATmega328P},
	year = 2015,
	url = {http://ww1.microchip.com/downloads/en/DeviceDoc/Atmel-7810-Automotive-Microcontrollers-ATmega328P_Datasheet.pdf},
	urldate = {2020-12-28}
}

@Article{wcc_intro,
	author="Falk, Heiko and Lokuciejewski, Paul",
	title="A compiler framework for the reduction of worst-case execution times",
	journal="Real-Time Systems",
	year="2010",
	month="Oct",
	day="01",
	volume="46",
	number="2",
	pages="251--300",
	abstract="The current practice to design software for real-time systems is tedious. There is almost no tool support that assists the designer in automatically deriving safe bounds of the worst-case execution time (WCET) of a system during code generation and in systematically optimizing code to reduce WCET.",
	issn="1573-1383",
	doi="10.1007/s11241-010-9101-x",
	url="https://doi.org/10.1007/s11241-010-9101-x"
}

@online{ScikitLearnDTC,
	author = {scikit-learn Entwickler},
	title = {sklearn.tree.DecisionTreeClassifier},
	year = 2020,
	url = {https://scikit-learn.org/stable/modules/generated/sklearn.tree.DecisionTreeClassifier.html},
	urldate = {2020-12-30}
}